<record><leader>00000cas a2200000 a 4500</leader><controlfield tag="001">25858005</controlfield><controlfield tag="008">920521d19041905ncuwr ne      0   a0eng d</controlfield><datafield ind1=" " ind2=" " tag="010"><subfield code="a">sn 92073050 </subfield></datafield><datafield ind1=" " ind2=" " tag="040"><subfield code="a">NVJ</subfield><subfield code="b">eng</subfield><subfield code="c">NVJ</subfield><subfield code="d">OCL</subfield><subfield code="d">FUG</subfield><subfield code="d">OCLCQ</subfield><subfield code="d">NOC</subfield><subfield code="d">DLC</subfield><subfield code="d">OCLCF</subfield></datafield><datafield ind1="0" ind2=" " tag="022"><subfield code="a">2376-0117</subfield><subfield code="2">1</subfield></datafield><datafield ind1=" " ind2=" " tag="042"><subfield code="a">msc</subfield><subfield code="a">nsdp</subfield></datafield><datafield ind1=" " ind2=" " tag="043"><subfield code="a">n-us-nc</subfield></datafield><datafield ind1="0" ind2="0" tag="050"><subfield code="a">Newspaper</subfield></datafield><datafield ind1="0" ind2="0" tag="082"><subfield code="a">071</subfield><subfield code="2">23</subfield></datafield><datafield ind1=" " ind2="4" tag="222"><subfield code="a">The progressive farmer and the cotton plant</subfield><subfield code="b">(Print)</subfield></datafield><datafield ind1="0" ind2="4" tag="245"><subfield code="a">The progressive farmer and the cotton plant.</subfield></datafield><datafield ind1="3" ind2="0" tag="246"><subfield code="a">Cotton plant</subfield></datafield><datafield ind1="1" ind2="7" tag="246"><subfield code="a">Progressive farmer and cotton plant</subfield></datafield><datafield ind1="3" ind2="0" tag="246"><subfield code="a">Progressive farmer</subfield></datafield><datafield ind1=" " ind2=" " tag="260"><subfield code="a">Raleigh, N.C. :</subfield><subfield code="b">Agricultural Pub. Co.</subfield></datafield><datafield ind1=" " ind2=" " tag="300"><subfield code="a">v.</subfield></datafield><datafield ind1=" " ind2=" " tag="310"><subfield code="a">Weekly</subfield></datafield><datafield ind1="0" ind2=" " tag="362"><subfield code="a">Vol. 19, no. 33 (Sept. 27, 1904)-v. 20, no. 33 (Sept. 26, 1905).</subfield></datafield><datafield ind1=" " ind2=" " tag="515"><subfield code="a">Issues also carry vol. numbering of The Cotton plant, Vol. 21, no. 32-v. 22, no. 32.</subfield></datafield><datafield ind1=" " ind2=" " tag="530"><subfield code="a">Archived issues are available in digital format from the Library of Congress Chronicling America online collection.</subfield></datafield><datafield ind1=" " ind2="0" tag="651"><subfield code="a">Raleigh (N.C.)</subfield><subfield code="v">Newspapers.</subfield></datafield><datafield ind1=" " ind2="7" tag="655"><subfield code="a">Newspapers.</subfield><subfield code="2">fast</subfield><subfield code="0">(OCoLC)fst01423814</subfield></datafield><datafield ind1=" " ind2="7" tag="651"><subfield code="a">North Carolina</subfield><subfield code="z">Raleigh.</subfield><subfield code="2">fast</subfield><subfield code="0">(OCoLC)fst01206341</subfield></datafield><datafield ind1=" " ind2=" " tag="752"><subfield code="a">United States</subfield><subfield code="b">North Carolina</subfield><subfield code="c">Wake</subfield><subfield code="d">Raleigh.</subfield></datafield><datafield ind1="0" ind2="8" tag="776"><subfield code="i">Online version:</subfield><subfield code="t">Progressive farmer and the cotton plant</subfield><subfield code="x">2376-0125</subfield><subfield code="w">(DLC)  2014218738</subfield><subfield code="w">(OCoLC)895026036</subfield></datafield><datafield ind1="0" ind2="4" tag="780"><subfield code="t">Cotton plant (Greenville, S.C.)</subfield><subfield code="w">(DLC)sn 96027442</subfield><subfield code="w">(OCoLC)35091225</subfield></datafield><datafield ind1="0" ind2="4" tag="780"><subfield code="t">Progressive farmer (Winston, N.C.)</subfield><subfield code="x">2376-0087</subfield><subfield code="w">(DLC)sn 92073049</subfield><subfield code="w">(OCoLC)25858005</subfield></datafield><datafield ind1="0" ind2="0" tag="785"><subfield code="t">Progressive farmer (Raleigh, N.C. : 1905)</subfield><subfield code="w">(DLC)sn 92073051</subfield><subfield code="w">(OCoLC)25858020</subfield></datafield><datafield ind1="4" ind2="1" tag="856"><subfield code="u">http://www.loc.gov/chroniclingamerica/lccn/sn92073050/issues</subfield></datafield></record>